1906 2995
648 487 809 539 ÉMILE
830 491 1135 545 LEVASSEUR

747 550 858 589 Membre
869 553 900 589 de
913 553 1024 591 l'Institut
1026 555 1033 591 ,

547 585 605 626 Vice
608 585 614 626 -
616 585 742 627 Président
756 586 785 628 de
800 587 824 628 la
839 587 933 629 Société
949 588 1102 630 d'Économie
1118 589 1233 631 politique
1237 590 1242 631 .

649 792 832 851 RÉSUMÉ
863 795 1134 856 HISTORIQUE

304 908 356 1000 DE
404 908 788 1002 L'ENSEIGNEMENT
848 910 896 1002 DE
944 910 1208 1003 L'ECONOMIE
1248 912 1480 1004 POLITIQUE

816 1081 855 1112 ET
875 1081 916 1112 DE
936 1081 975 1112 LA

476 1176 874 1242 Statistique
912 1176 998 1242 en
1034 1176 1308 1242 France

725 1295 766 1330 DE
798 1295 888 1330 1882
916 1295 936 1330 A
968 1295 1056 1330 1892

391 1525 659 1580 Communication
681 1528 761 1580 faite
783 1528 801 1580 à
825 1529 855 1581 la
877 1529 997 1582 Société
1018 1529 1218 1583 d'Économie
1236 1531 1392 1585 politique

300 1597 370 1651 lors
398 1597 443 1651 du
473 1597 730 1651 cinquantenaire
757 1597 793 1651 de
815 1597 849 1651 sa
870 1597 1037 1651 fondation
1065 1597 1092 1651 le
1124 1597 1145 1651 5
1176 1597 1337 1651 novembre
1372 1597 1467 1651 1892
1471 1597 1477 1651 .

469 1678 480 1716 (
480 1678 642 1716 Présidence
658 1679 690 1717 de
707 1679 743 1717 M.
764 1679 839 1718 FRÉD
844 1680 851 1718 .
871 1680 957 1718 PASSY
961 1680 967 1718 ,
982 1681 1101 1719 membre
1117 1681 1150 1719 de
1168 1682 1295 1720 l'Institut
1298 1682 1303 1720 .
1307 1682 1315 1720 )

821 2125 964 2164 PARIS

497 2203 746 2245 LIBRAIRIE
786 2204 1086 2247 GUILLAUMIN
1126 2205 1183 2247 ET
1225 2205 1280 2247 Clo

366 2271 465 2312 talteurs
482 2271 508 2312 de
526 2271 548 2312 la
561 2271 676 2312 Collection
695 2271 734 2312 des
749 2271 874 2312 principaix
890 2271 1037 2312 Économistes
1032 2271 1041 2312 ,
1060 2271 1088 2312 da
1108 2271 1195 2312 Journal
1213 2271 1253 2312 des
1269 2271 1415 2312 Économistes

633 2312 663 2345 Du
683 2312 826 2346 Dictionnaire
845 2314 871 2347 de
894 2314 1017 2348 l'Économie
1042 2316 1146 2350 Politique
1145 2317 1152 2350 ,

479 2355 509 2385 Du
528 2354 670 2386 Dictionnaire
688 2356 797 2387 universel
812 2357 840 2387 du
852 2357 969 2388 Commerce
989 2358 1012 2388 et
1029 2358 1055 2388 de
1073 2359 1094 2389 la
1112 2359 1235 2390 Navigation
1240 2360 1247 2390 ,
1264 2360 1307 2390 etc.

733 2409 790 2450 RUE
820 2410 968 2452 RICHELIEU
970 2411 979 2452 ,
1012 2412 1042 2453 14
1048 2412 1053 2453 .

854 2518 923 2554 1893
