1970 2915
113 158 179 200 28C

886 250 965 336 De
1001 249 1050 334 la
1091 244 1253 332 frart
1311 241 1372 327 de
1407 234 1711 325 l'auteur

668 303 831 374 ÉMILE
857 311 1160 385 LEVASSEUR

771 375 878 407 Membre
892 377 921 408 de
936 378 1048 411 l'Institut
1047 381 1055 411 ,

568 417 626 452 Vice
632 417 638 452 -
641 417 763 452 President
777 417 806 452 de
821 417 845 452 la
860 417 954 452 Société
970 417 1123 452 d'Economie
1140 417 1254 452 politique
1258 417 1263 452 .

675 618 856 676 RÉSUMÉ
891 621 1160 683 HISTORIQUE

331 736 383 824 DE
431 736 816 826 L'ENSEIGNEMENT
875 739 924 827 DE
971 739 1232 829 L'ÉCONOMIE
1275 741 1508 830 POLITIQUE

843 913 881 936 ET
903 913 942 936 DE
964 913 1003 936 LA

503 1007 901 1067 Statistique
945 1007 1018 1065 en
1063 1005 1337 1064 France

755 1127 795 1161 DE
827 1127 917 1161 1882
946 1127 966 1161 A
997 1127 1086 1161 1892

426 1362 687 1416 Communication
713 1362 792 1416 faite
815 1362 832 1416 à
857 1362 886 1416 la
909 1362 1028 1416 Société
1050 1362 1249 1416 d'Economie
1267 1362 1423 1416 politique

340 1430 404 1480 lors
434 1430 474 1480 du
508 1430 764 1480 cinquantenaire
790 1430 826 1480 de
850 1430 880 1480 sa
912 1430 1066 1480 fondation
1100 1430 1124 1480 le
1158 1430 1172 1480 5
1212 1430 1368 1480 novembre
1406 1430 1501 1480 1892
1501 1430 1510 1480 .

500 1516 508 1553 (
515 1516 674 1553 Présidence
691 1516 722 1553 de
741 1516 776 1553 J.
798 1516 869 1553 FRED
876 1516 884 1553 ,
904 1516 992 1553 Pussy
991 1516 999 1553 ,
1014 1516 1133 1553 membre
1150 1516 1181 1553 de
1201 1516 1333 1553 l'Institut
1332 1516 1341 1553 .
1338 1516 1347 1553 )

855 1964 998 2001 PARIS

536 2038 784 2084 LIBRAIRIE
824 2038 1126 2084 GUILLAUMIN
1164 2038 1222 2084 ET
1269 2038 1282 2084 C

402 2114 502 2150 Éditeurs
520 2114 546 2150 de
571 2113 583 2150 la
600 2113 713 2149 Collection
734 2112 772 2149 des
789 2111 912 2149 principaux
929 2111 1074 2148 Économistes
1072 2111 1080 2147 ,
1099 2110 1126 2147 du
1147 2110 1234 2146 Journal
1253 2110 1292 2146 des
1307 2109 1455 2145 Économistes

672 2153 702 2185 Du
722 2153 865 2185 Dictionnaire
885 2154 910 2186 de
933 2154 1056 2186 l'Économie
1082 2155 1184 2187 Politique
1187 2155 1192 2187 ,

518 2197 546 2228 Du
566 2197 709 2228 Dictionnaire
728 2197 836 2228 universel
852 2197 879 2228 du
893 2197 1009 2228 Commerce
1030 2197 1052 2228 et
1070 2197 1095 2228 de
1114 2197 1133 2228 la
1152 2197 1278 2228 Navigation
1282 2197 1286 2228 ,
1304 2197 1346 2228 etc.

771 2249 829 2290 RUE
859 2249 1006 2290 RICHELIEU
1009 2249 1018 2290 ,
1052 2249 1083 2290 14
1088 2249 1093 2290 .

898 2361 963 2391 1893
